@article{SmallestCFG,
  author    = {M. Charikar and E. Lehman and D. Liu and R. Panigrahy and M. Prabhakaran and A. Sahai and A. Shelat},
  title     = {The smallest grammar problem},
  journal   = {IEEE Transactions on Information Theory},
  volume    = {51},
  number    = {7},
  year      = {2005},
  pages     = {2554-2576}
}

@inproceedings{PM_and_HD,
  author    = {Y. Lifshits},
  title     = {Processing Compressed Texts: A Tractability Border},
  booktitle = {CPM},
  year      = {2007},
  pages     = {228-240},
  crossref  = {DBLP:conf/cpm/2007},
}

@proceedings{DBLP:conf/cpm/2007,
  title     = {Combinatorial Pattern Matching, 18th Annual Symposium, CPM
               2007, London, Canada, July 9-11, 2007, Proceedings},
  booktitle = {CPM},
  publisher = {Springer},
  series    = {Lecture Notes in Computer Science},
  volume    = {4580},
  year      = {2007},
  isbn      = {978-3-540-73436-9}
}

@inproceedings{antidictionaries,
  author    = {Y. Shibata and M. Takeda and A. Shinohara and S. Arikawa},
  title     = {Pattern Matching in Text Compressed by Using Antidictionaries},
  booktitle = {CPM},
  year      = {1999},
  pages     = {37-49},
  crossref  = {DBLP:conf/cpm/1999}
}

@proceedings{DBLP:conf/cpm/1999,
  title     = {Combinatorial Pattern Matching, 10th Annual Symposium, CPM
               99, Warwick University, UK, July 22-24, 1999, Proceedings},
  booktitle = {CPM},
  publisher = {Springer},
  series    = {Lecture Notes in Computer Science},
  volume    = {1645},
  year      = {1999},
  isbn      = {3-540-66278-2}
}

@article{collages,
  author    = {T. Kida and T. Matsumoto and Y. Shibata and M. Takeda and A. Shinohara and S. Arikawa},
  title     = {Collage system: a unifying framework for compressed pattern matching},
  journal   = {Theor. Comput. Sci.},
  volume    = {1},
  number    = {298},
  year      = {2003},
  pages     = {253-272}
}

@article{SLPConstruction,
  author    = {W. Rytter},
  title     = {Application of Lempel-Ziv factorization to the approximation of grammar-based compression},
  journal   = {Theor. Comput. Sci.},
  volume    = {302},
  number    = {1-3},
  year      = {2003},
  pages     = {211-222}
}

@article{LZ77,
  author    = {J. Ziv and A. Lempel},
  title     = {A Universal Algorithm for Sequential Data Compression},
  journal   = {IEEE Transactions on Information Theory},
  volume    = {23},
  number    = {3},
  year      = {1977},
  pages     = {337-343}
}

@article{LZ78,
  author    = {J. Ziv and A. Lempel},
  title     = {Compression of Individual Sequences via Variable-Rate Coding},
  journal   = {IEEE Transactions on Information Theory},
  volume    = {24},
  number    = {5},
  year      = {1978},
  pages     = {530-536}
}

@article{LZW,
  author    = {T. Welch},
  title     = {A Technique for High-Performance Data Compression},
  journal   = {IEEE Computer},
  volume    = {17},
  number    = {6},
  year      = {1984},
  pages     = {8-19}
}

@inproceedings{LCSubstring,
  author    = {W. Matsubara and S. Inenaga and A. Ishino and A. Shinohara and T. Nakamura and K. Hashimoto},
  title     = {Computing Longest Common Substring and All Palindromes from Compressed Strings},
  booktitle = {SOFSEM},
  year      = {2008},
  pages     = {364-375},
  crossref  = {DBLP:conf/sofsem/2008}
}

@proceedings{DBLP:conf/sofsem/2008,
  title     = {SOFSEM 2008: Theory and Practice of Computer Science, 34th
               Conference on Current Trends in Theory and Practice of Computer
               Science, Nov{\'y} Smokovec, Slovakia, January 19-25,
               2008, Proceedings},
  booktitle = {SOFSEM},
  publisher = {Springer},
  series    = {Lecture Notes in Computer Science},
  volume    = {4910},
  year      = {2008},
  isbn      = {978-3-540-77565-2}
}

@article{LCS_P,
  author    = {A. Tiskin},
  title     = {Faster subsequence recognition in compressed strings},
  journal   = {CoRR},
  volume    = {abs/0707.3407},
  year      = {2007},
  ee        = {http://arxiv.org/abs/0707.3407},
}
