@article{2,
  author    = {A. Apostolico and D. Breslauer},
  title     = {An Optimal O(log log N)-Time Parallel Algorithm for Detecting All Squares in a String},
  journal   = {SIAM J. Comput.},
  volume    = {25},
  number    = {6},
  year      = {1996},
  pages     = {1318-1331}
}

@inproceedings{4,
  author    = {A. Bertoni and C. Choffrut and R. Radicioni},
  title     = {Literal Shuffle of Compressed Words},
  booktitle = {IFIP TCS},
  year      = {2008},
  pages     = {87-100},
  crossref  = {DBLP:conf/ifipTCS/2008}
}

@proceedings{DBLP:conf/ifipTCS/2008,
  title     = {Fifth IFIP International Conference On Theoretical Computer
               Science - TCS 2008, IFIP 20th World Computer Congress, TC
               1, Foundations of Computer Science, September 7-10, 2008,
               Milano, Italy},
  booktitle = {IFIP TCS},
  publisher = {Springer},
  series    = {IFIP},
  volume    = {273},
  year      = {2008},
  isbn      = {978-0-387-09679-7}
}


@inproceedings{15,
  author    = {Y. Lifshits},
  title     = {Processing Compressed Texts: A Tractability Border},
  booktitle = {CPM},
  year      = {2007},
  pages     = {228-240},
  crossref  = {DBLP:conf/cpm/2007},
}

@proceedings{DBLP:conf/cpm/2007,
  title     = {Combinatorial Pattern Matching, 18th Annual Symposium, CPM
               2007, London, Canada, July 9-11, 2007, Proceedings},
  booktitle = {CPM},
  publisher = {Springer},
  series    = {Lecture Notes in Computer Science},
  volume    = {4580},
  year      = {2007},
  isbn      = {978-3-540-73436-9}
}

@inproceedings{16,
  author    = {W. Matsubara, S. Inenaga, A. Ishino, A. Shinohara, T. Nakamura and K. Hashimoto},
  title     = {Computing Longest Common Substring and All Palindromes from Compressed Strings},
  booktitle = {SOFSEM},
  year      = {2008},
  pages     = {364-375},
  crossref  = {DBLP:conf/sofsem/2008}
}

@proceedings{DBLP:conf/sofsem/2008,
  title     = {SOFSEM 2008: Theory and Practice of Computer Science, 34th
               Conference on Current Trends in Theory and Practice of Computer
               Science, Nov{\'y} Smokovec, Slovakia, January 19-25,
               2008, Proceedings},
  booktitle = {SOFSEM},
  publisher = {Springer},
  series    = {Lecture Notes in Computer Science},
  volume    = {4910},
  year      = {2008},
  isbn      = {978-3-540-77565-2}
}

@article{18,
  author    = {W. Rytter},
  title     = {Application of {L}empel-{Z}iv factorization to the approximation of grammar-based compression},
  journal   = {Theor. Comput. Sci.},
  volume    = {302},
  number    = {1-3},
  year      = {2003},
  pages     = {211-222}
}

@inproceedings{8,
  author    = {L. Gasieniec, M. Karpinski, W. Plandowski and W. Rytter},
  title     = {Efficient Algorithms for {L}empel-{Z}iv Encoding (Extended Abstract)},
  booktitle = {SWAT},
  year      = {1996},
  pages     = {392-403},
  crossref  = {DBLP:conf/swat/1996}
}

@proceedings{DBLP:conf/swat/1996,
  title     = {Algorithm Theory - SWAT '96, 5th Scandinavian Workshop on
               Algorithm Theory, Reykjav\'{\i}k, Iceland, July 3-5, 1996,
               Proceedings},
  booktitle = {SWAT},
  publisher = {Springer},
  series    = {Lecture Notes in Computer Science},
  volume    = {1097},
  year      = {1996},
  isbn      = {3-540-61422-2}
}