@article{2,
  author    = {A. Apostolico and D. Breslauer},
  title     = {An Optimal O(log log N)-Time Parallel Algorithm for Detecting All Squares in a String},
  journal   = {SIAM J. Comput.},
  volume    = {25},
  number    = {6},
  year      = {1996},
  pages     = {1318-1331}
}

@inproceedings{4,
  author    = {A. Bertoni and C. Choffrut and R. Radicioni},
  title     = {Literal Shuffle of Compressed Words},
  booktitle = {IFIP TCS},
  year      = {2008},
  pages     = {87-100},
  crossref  = {DBLP:conf/ifipTCS/2008}
}

@proceedings{DBLP:conf/ifipTCS/2008,
  title     = {Fifth IFIP International Conference On Theoretical Computer
               Science - TCS 2008, IFIP 20th World Computer Congress, TC
               1, Foundations of Computer Science, September 7-10, 2008,
               Milano, Italy},
  booktitle = {IFIP TCS},
  publisher = {Springer},
  series    = {IFIP},
  volume    = {273},
  year      = {2008},
  isbn      = {978-0-387-09679-7}
}

%\url{http://genomebiology.com/2007/8/5/R80}
@Article{19,
  author 	= {F. Bonhomme, E. Rivals, A. Orth, G. R. Grant, A. J. Jeffreys and P. J. Bois},
  title 	= {Species-wide distribution of highly polymorphic minisatellite markers suggests past 
  	and present genetic exchanges among House Mouse subspecies.},
  journal 	= {Genome Biology},
  year 		= {2007},
  volume 	= {5},
  number 	= {8}
}

@Book{11,
  author 	= {M. Crochemore and W. Rytter},
  title 	= {Text Algorithms.},
  publisher = {Oxford University Press},
  year 		= {1994},
  address 	= {New York}
}

@article{9,
  author    = {M. Karpinski and W. Rytter and A. Shinohara},
  title     = {An Efficient Pattern-Matching Algorithm for Strings with Short Descriptions},
  journal   = {Nord. J. Comput.},
  volume    = {4},
  number    = {2},
  year      = {1997},
  pages     = {172-186}
}

@article{12,
  author    = {T. Kida, T. Matsumoto, Y. Shibata, M. Takeda, A. Shinohara and S. Arikawa},
  title     = {Collage system: a unifying framework for compressed pattern matching},
  journal   = {Theor. Comput. Sci.},
  volume    = {1},
  number    = {298},
  year      = {2003},
  pages     = {253-272}
}

@inproceedings{15,
  author    = {Y. Lifshits},
  title     = {Processing Compressed Texts: A Tractability Border},
  booktitle = {CPM},
  year      = {2007},
  pages     = {228-240},
  crossref  = {DBLP:conf/cpm/2007},
}

@proceedings{DBLP:conf/cpm/2007,
  title     = {Combinatorial Pattern Matching, 18th Annual Symposium, CPM
               2007, London, Canada, July 9-11, 2007, Proceedings},
  booktitle = {CPM},
  publisher = {Springer},
  series    = {Lecture Notes in Computer Science},
  volume    = {4580},
  year      = {2007},
  isbn      = {978-3-540-73436-9}
}

@inproceedings{14,
  author    = {Y. Lifshits and M. Lohrey},
  title     = {Querying and Embedding Compressed Texts},
  booktitle = {MFCS},
  year      = {2006},
  pages     = {681-692},
  crossref  = {DBLP:conf/mfcs/2006}
}

@proceedings{DBLP:conf/mfcs/2006,
  title     = {Mathematical Foundations of Computer Science 2006, 31st
               International Symposium, MFCS 2006, Star{\'a} Lesn{\'a},
               Slovakia, August 28-September 1, 2006, Proceedings},
  booktitle = {MFCS},
  publisher = {Springer},
  series    = {Lecture Notes in Computer Science},
  volume    = {4162},
  year      = {2006},
  isbn      = {3-540-37791-3}
}

@inproceedings{16,
  author    = {W. Matsubara, S. Inenaga, A. Ishino, A. Shinohara, T. Nakamura and K. Hashimoto},
  title     = {Computing Longest Common Substring and All Palindromes from Compressed Strings},
  booktitle = {SOFSEM},
  year      = {2008},
  pages     = {364-375},
  crossref  = {DBLP:conf/sofsem/2008}
}

@proceedings{DBLP:conf/sofsem/2008,
  title     = {SOFSEM 2008: Theory and Practice of Computer Science, 34th
               Conference on Current Trends in Theory and Practice of Computer
               Science, Nov{\'y} Smokovec, Slovakia, January 19-25,
               2008, Proceedings},
  booktitle = {SOFSEM},
  publisher = {Springer},
  series    = {Lecture Notes in Computer Science},
  volume    = {4910},
  year      = {2008},
  isbn      = {978-3-540-77565-2}
}

@Article{new,
  author 	= {W. Matsubara, S. Inenaga and A. Shinohara},
  title 	= {Testing square-freeness of strings compressed by Balanced Straight Line Program.},
  journal 	= {Fifteenth Computing: The Australasian Theory Symposium (CATS 2009)},
  year 		= {2009},
  number 	= {94},
  pages 	= {19--28}
}

@inproceedings{10,
  author    = {M. Miyazaki, A. Shinohara and M. Takeda},
  title     = {An Improved Pattern Matching Algorithm for Strings in Terms of Straight-Line Programs},
  booktitle = {CPM},
  year      = {1997},
  pages     = {1-11},
  crossref  = {DBLP:conf/cpm/1997}
}

@proceedings{DBLP:conf/cpm/1997,
  title     = {Combinatorial Pattern Matching, 8th Annual Symposium, CPM
               97, Aarhus, Denmark, June 30 - July 2, 1997, Proceedings},
  booktitle = {CPM},
  publisher = {Springer},
  series    = {Lecture Notes in Computer Science},
  volume    = {1264},
  year      = {1997},
  isbn      = {3-540-63220-4}
}

@article{18,
  author    = {W. Rytter},
  title     = {Application of Lempel-Ziv factorization to the approximation of grammar-based compression},
  journal   = {Theor. Comput. Sci.},
  volume    = {302},
  number    = {1-3},
  year      = {2003},
  pages     = {211-222}
}

@inproceedings{13,
  author    = {Y. Shibata, M. Takeda, A. Shinohara and S. Arikawa},
  title     = {Pattern Matching in Text Compressed by Using Antidictionaries},
  booktitle = {CPM},
  year      = {1999},
  pages     = {37-49},
  crossref  = {DBLP:conf/cpm/1999}
}

@proceedings{DBLP:conf/cpm/1999,
  title     = {Combinatorial Pattern Matching, 10th Annual Symposium, CPM
               99, Warwick University, UK, July 22-24, 1999, Proceedings},
  booktitle = {CPM},
  publisher = {Springer},
  series    = {Lecture Notes in Computer Science},
  volume    = {1645},
  year      = {1999},
  isbn      = {3-540-66278-2}
}

@inproceedings{8,
  author    = {L. Gasieniec, M. Karpinski, W. Plandowski and W. Rytter},
  title     = {Efficient Algorithms for Lempel-Zip Encoding (Extended Abstract)},
  booktitle = {SWAT},
  year      = {1996},
  pages     = {392-403},
  crossref  = {DBLP:conf/swat/1996}
}

@proceedings{DBLP:conf/swat/1996,
  title     = {Algorithm Theory - SWAT '96, 5th Scandinavian Workshop on
               Algorithm Theory, Reykjav\'{\i}k, Iceland, July 3-5, 1996,
               Proceedings},
  booktitle = {SWAT},
  publisher = {Springer},
  series    = {Lecture Notes in Computer Science},
  volume    = {1097},
  year      = {1996},
  isbn      = {3-540-61422-2}
}